<?xml version="1.0" encoding="UTF-8"?><collection xmlns="http://www.loc.gov/MARC21/slim"><record><leader>00421nam--2200169-u-4500</leader><controlfield tag="001">000050975</controlfield><controlfield tag="002">20161230</controlfield><controlfield tag="005">20161230201049</controlfield><controlfield tag="008">080506s1000------------r-----000-0-eng-d</controlfield><datafield ind1=" " ind2=" " tag="040"><subfield code="a">IFIN-HH</subfield></datafield><datafield ind1="1" ind2=" " tag="100"><subfield code="a">Barbilian, Dan</subfield></datafield><datafield ind1="1" ind2=" " tag="245"><subfield code="a">Curs de teoria numerelor</subfield></datafield><datafield ind1=" " ind2=" " tag="260"><subfield code="a">Bucuresti</subfield><subfield code="b">Tipo-Lito Invatamantului</subfield><subfield code="c">1955</subfield></datafield><datafield ind1=" " ind2=" " tag="300"><subfield code="a">274 p</subfield></datafield><datafield ind1="1" ind2=" " tag="700"><subfield code="a">Dan Barbilian</subfield></datafield><datafield ind1=" " ind2=" " tag="852"><subfield code="a">4016</subfield><subfield code="c">511.2</subfield></datafield><datafield ind1=" " ind2=" " tag="CAT"><subfield code="a">Sys</subfield><subfield code="c">20080506</subfield><subfield code="h">130808</subfield></datafield></record></collection>